<?xml version="1.0" encoding="UTF-8"?><record xmlns="http://www.loc.gov/MARC21/slim" xmlns:cinclude="http://apache.org/cocoon/include/1.0" xmlns:zs="http://www.loc.gov/zing/srw/">
  <leader>00384cz  a2200133n  4500</leader>
  <controlfield tag="001">n 2010042596</controlfield>
  <controlfield tag="003">DLC</controlfield>
  <controlfield tag="005">20100702075022.0</controlfield>
  <controlfield tag="008">100701n| acannaabn          |n aaa      </controlfield>
  <datafield tag="010" ind1=" " ind2=" ">
    <subfield code="a">n 2010042596</subfield>
  </datafield>
  <datafield tag="040" ind1=" " ind2=" ">
    <subfield code="a">DLC</subfield>
    <subfield code="b">eng</subfield>
    <subfield code="c">DLC</subfield>
  </datafield>
  <datafield tag="053" ind1=" " ind2="0">
    <subfield code="a">PS3613.A819944</subfield>
  </datafield>
  <datafield tag="100" ind1="1" ind2=" ">
    <subfield code="a">Mastrototaro, Johanna Barca</subfield>
  </datafield>
  <datafield tag="670" ind1=" " ind2=" ">
    <subfield code="a">Mastrototaro, Johanna Barca. Mourning song, 2007:</subfield>
    <subfield code="b">t.p. (Johanna Barca Mastrototaro)</subfield>
  </datafield>
</record>